@book{Pierce:2002:TPL:509043,
 author = {Pierce, Benjamin C.},
 title = {Types and Programming Languages},
 year = {2002},
 isbn = {0262162091, 9780262162098},
 edition = {1st},
 publisher = {The MIT Press},
}

@book{BB12112636,
  author    = "Pierce, Benjamin C. and 住井, 英二郎 and 遠藤, 侑介 and 酒井, 政裕 and 今井, 敬吾 and 黒木, 裕介 and 今井, 宜洋 and 才川, 隆文 and 今井, 健男",
  title     = "型システム入門 : プログラミング言語と型の理論",
  publisher = "オーム社",
  year      = "2013",
  URL       = "http://ci.nii.ac.jp/ncid/BB12112636"
}